@inproceedings{qi2017pointnet,
  title={PointNet: Deep learning on point sets for 3D classification and segmentation},
  author={Qi, Charles R and Su, Hao and Mo, Kaichun and Guibas, Leonidas J},
  booktitle={Proceedings of the IEEE Conference on Computer Vision and Pattern Recognition},
  pages={652--660},
  year={2017}
}

@article{liu2019point,
  title={Point-voxel CNN for efficient 3D deep learning},
  author={Liu, Zhijian and Tang, Haotian and Lin, Yujun and Han, Song},
  journal={Advances in Neural Information Processing Systems},
  volume={32},
  year={2019}
}

@inproceedings{hu2020randla,
  title={RandLA-Net: Efficient semantic segmentation of large-scale point clouds},
  author={Hu, Qingyong and Yang, Bo and Xie, Linhai and Rosa, Stefano and Guo, Yulan and Wang, Zhihua and Trigoni, Niki and Markham, Andrew},
  booktitle={Proceedings of the IEEE/CVF Conference on Computer Vision and Pattern Recognition},
  pages={11108--11117},
  year={2020}
}

@misc{facebook2023sonata,
  title={SONATA: A framework for efficient point cloud processing},
  author={{Facebook Research}},
  year={2023},
  howpublished={GitHub Repository},
  url={https://github.com/facebookresearch/sonata}
}

@misc{stereolabs2023zed,
  title={ZED SDK Documentation},
  author={Stereolabs},
  year={2023},
  howpublished={Retrieved from https://www.stereolabs.com/docs/}
}

@misc{nvidia2023jetson,
  title={Jetson Platform Documentation},
  author={{NVIDIA Corporation}},
  year={2023},
  howpublished={Retrieved from https://developer.nvidia.com/embedded/jetson}
}

@inproceedings{zhou2018voxelnet,
  title={VoxelNet: End-to-end learning for point cloud based 3D object detection},
  author={Zhou, Yin and Tuzel, Oncel},
  booktitle={Proceedings of the IEEE Conference on Computer Vision and Pattern Recognition},
  pages={4490--4499},
  year={2018}
}

@article{guo2020deep,
  title={Deep learning for 3D point clouds: A survey},
  author={Guo, Yulan and Wang, Hanyun and Hu, Qingyong and Liu, Hao and Liu, Li and Bennamoun, Mohammed},
  journal={IEEE Transactions on Pattern Analysis and Machine Intelligence},
  volume={43},
  number={12},
  pages={4338--4364},
  year={2020},
  publisher={IEEE}
}

@inproceedings{qi2017pointnetplus,
  title={PointNet++: Deep hierarchical feature learning on point sets in a metric space},
  author={Qi, Charles Ruizhongtai and Yi, Li and Su, Hao and Guibas, Leonidas J},
  booktitle={Advances in Neural Information Processing Systems},
  pages={5099--5108},
  year={2017}
}

@article{wang2019dynamic,
  title={Dynamic graph CNN for learning on point clouds},
  author={Wang, Yue and Sun, Yongbin and Liu, Ziwei and Sarma, Sanjay E and Bronstein, Michael M and Solomon, Justin M},
  journal={ACM Transactions on Graphics (TOG)},
  volume={38},
  number={5},
  pages={1--12},
  year={2019},
  publisher={ACM New York, NY, USA}
}

@inproceedings{thomas2019kpconv,
  title={KPConv: Flexible and deformable convolution for point clouds},
  author={Thomas, Hugues and Qi, Charles R and Deschaud, Jean-Emmanuel and Marcotegui, Beatriz and Goulette, Fran{\c{c}}ois and Guibas, Leonidas J},
  booktitle={Proceedings of the IEEE/CVF International Conference on Computer Vision},
  pages={6411--6420},
  year={2019}
}

@article{landrieu2018large,
  title={Large-scale point cloud semantic segmentation with superpoint graphs},
  author={Landrieu, Loic and Simonovsky, Martin},
  booktitle={Proceedings of the IEEE Conference on Computer Vision and Pattern Recognition},
  pages={4558--4567},
  year={2018}
}

@article{li2018pointcnn,
  title={PointCNN: Convolution on x-transformed points},
  author={Li, Yangyan and Bu, Rui and Sun, Mingchao and Wu, Wei and Di, Xinhan and Chen, Baoquan},
  journal={Advances in Neural Information Processing Systems},
  volume={31},
  year={2018}
}

@inproceedings{wu2019squeezeseg,
  title={SqueezeSegV2: Improved model structure and unsupervised domain adaptation for road-object segmentation from a lidar point cloud},
  author={Wu, Bichen and Zhou, Xuanyu and Zhao, Sicheng and Yue, Xiangyu and Keutzer, Kurt},
  booktitle={2019 International Conference on Robotics and Automation (ICRA)},
  pages={4376--4382},
  year={2019},
  organization={IEEE}
}

@article{armeni2016s3dis,
  title={3D semantic parsing of large-scale indoor spaces},
  author={Armeni, Iro and Sener, Ozan and Zamir, Amir R and Jiang, Helen and Brilakis, Ioannis and Fischer, Martin and Savarese, Silvio},
  booktitle={Proceedings of the IEEE Conference on Computer Vision and Pattern Recognition},
  pages={1534--1543},
  year={2016}
}

@article{chang2015shapenet,
  title={ShapeNet: An information-rich 3D model repository},
  author={Chang, Angel X and Funkhouser, Thomas and Guibas, Leonidas and Hanrahan, Pat and Huang, Qixing and Li, Zimo and Savarese, Silvio and Savva, Manolis and Song, Shuran and Su, Hao and others},
  journal={arXiv preprint arXiv:1512.03012},
  year={2015}
}

@inproceedings{behley2019semantickitti,
  title={SemanticKITTI: A dataset for semantic scene understanding of lidar sequences},
  author={Behley, Jens and Garbade, Martin and Milioto, Andres and Quenzel, Jan and Behnke, Sven and Stachniss, Cyrill and Gall, Jurgen},
  booktitle={Proceedings of the IEEE/CVF International Conference on Computer Vision},
  pages={9297--9307},
  year={2019}
}

@article{hackel2017semantic3d,
  title={Semantic3d.net: A new large-scale point cloud classification benchmark},
  author={Hackel, Timo and Savinov, Nikolay and Ladicky, Lubor and Wegner, Jan Dirk and Schindler, Konrad and Pollefeys, Marc},
  journal={ISPRS Annals of the Photogrammetry, Remote Sensing and Spatial Information Sciences},
  volume={4},
  pages={91--98},
  year={2017}
}

@article{milioto2019rangenet,
  title={RangeNet++: Fast and accurate lidar semantic segmentation},
  author={Milioto, Andres and Vizzo, Ignacio and Behley, Jens and Stachniss, Cyrill},
  booktitle={2019 IEEE/RSJ International Conference on Intelligent Robots and Systems (IROS)},
  pages={4213--4220},
  year={2019},
  organization={IEEE}
}

@article{cortinhal2020salsanext,
  title={SalsaNext: Fast, uncertainty-aware semantic segmentation of lidar point clouds},
  author={Cortinhal, Tiago and Tzelepis, George and Erdal Aksoy, Eren},
  journal={Advances in Neural Information Processing Systems},
  volume={33},
  pages={15363--15374},
  year={2020}
}

@article{fan2021scf,
  title={SCF-Net: Learning spatial contextual features for large-scale point cloud segmentation},
  author={Fan, Siqi and Dong, Qiulei and Zhu, Fenghua and Lv, Yisheng and Ye, Peijun and Wang, Fei-Yue},
  booktitle={Proceedings of the IEEE/CVF Conference on Computer Vision and Pattern Recognition},
  pages={14504--14513},
  year={2021}
}

@inproceedings{lei2020spherical,
  title={Spherical kernel for efficient graph convolution on 3D point clouds},
  author={Lei, Huan and Akhtar, Naveed and Shah, Mubarak},
  journal={IEEE Transactions on Pattern Analysis and Machine Intelligence},
  volume={43},
  number={10},
  pages={3664--3680},
  year={2020},
  publisher={IEEE}
}

@article{zhang2021review,
  title={A review of deep learning-based semantic segmentation for point cloud},
  author={Zhang, Jingyu and Zhao, Xiaoshui and Chen, Zhanglin and Lu, Zhengxia},
  journal={IEEE Access},
  volume={9},
  pages={179118--179134},
  year={2021},
  publisher={IEEE}
}

@inproceedings{nvidia2019tensorrt,
  title={TensorRT: High performance neural network inference runtime},
  author={{NVIDIA Corporation}},
  booktitle={GPU Technology Conference},
  year={2019}
}
